@article{burkleetal,
  title={Towards autonomous micro uav swarms},
  author={B{\"u}rkle, Axel and Segor, Florian and Kollmann, Matthias},
  journal={Journal of intelligent \& robotic systems},
  volume={61},
  number={1-4},
  pages={339--353},
  year={2011},
  publisher={Springer}
}

@online{simamitra,
    author = {Mitra, Sima},
    title = {Autonomous Quadcopter Docking System},
    month = September,
    year = {2013},
    url = {http://people.ece.cornell.edu/land/courses/eceprojectsland/STUDENTPROJ/2012to2013/ssm92/ssm92_report_201305171020.pdf}
}

@inproceedings{altugetal,
  title={Control of a quadrotor helicopter using visual feedback},
  author={Altug, Erdinc and Ostrowski, James P and Mahony, Robert},
  booktitle={Robotics and Automation, 2002. Proceedings. ICRA'02. IEEE International Conference on},
  volume={1},
  pages={72--77},
  year={2002},
  organization={IEEE}
}

@inproceedings{ducardetal,
  title={Autonomous quadrotor flight using a vision system and accommodating frames misalignment},
  author={Ducard, Guillaume and D'Andrea, Raffaello},
  booktitle={Industrial embedded systems, 2009. SIES'09. IEEE international symposium on},
  pages={261--264},
  year={2009},
  organization={IEEE}
}

@online{bostonuni,
    author = {{Boston University Intelligent Mechatronics Lab}},
    title = {Autonomous Quadcopter Charging Station},
    month = September,
    year = {2013},
    url = {http://www.bu.edu/iml/2012/08/02/221/}
}

@online{solarcopter,
    author = {Abidali, Aly and Burba, Irmantas and Fani, Pourshid Jan Fani and Kowfie, George and Wojewoda, Kazimierz},
    title = {SolarCopter},
    month = November,
    year = {2013},
    url = {http://www.qmul.ac.uk/media/qmnews/items/91251.html}
}

@inproceedings{benavidez2011mobile,
  title={Mobile robot navigation and target tracking system},
  author={Benavidez, Patrick and Jamshidi, M},
  booktitle={System of Systems Engineering (SoSE), 2011 6th International Conference on},
  pages={299--304},
  year={2011},
  organization={IEEE}
}

@article{kelley1984iterative,
  title={An iterative design methodology for user-friendly natural language office information applications},
  author={Kelley, John F},
  journal={ACM Transactions on Information Systems (TOIS)},
  volume={2},
  number={1},
  pages={26--41},
  year={1984},
  publisher={ACM}
}

