@online{google_drive,
title = {Collaborative Editing in Google Drive},
howpublished = {https://drive.google.com/},
urldate = {2013-05-17}
}

adsdsaaddass